@article{walters1981effects,
  title={Effects of measurement errors on the assessment of stock--recruitment relationships},
  author={Walters, Carl J and Ludwig, Donald},
  journal={Canadian Journal of Fisheries and Aquatic Sciences},
  volume={38},
  number={6},
  pages={704--710},
  year={1981},
  publisher={NRC Research Press}
}

@article{ludwig1981measurement,
  title={Measurement errors and uncertainty in parameter estimates for stock and recruitment},
  author={Ludwig, Donald and Walters, Carl J},
  journal={Canadian Journal of Fisheries and Aquatic Sciences},
  volume={38},
  number={6},
  pages={711--720},
  year={1981},
  publisher={NRC Research Press}
}

@article{ehrhardt1997role,
  title={The role of uncertainty in fish stock assessment and management: a case study of the Spanish mackerel, Scomberomorus maculatus, in the US Gulf of Mexico},
  author={Ehrhardt, Nelson M and Legault, Christopher M},
  journal={Fisheries research},
  volume={29},
  number={2},
  pages={145--158},
  year={1997},
  publisher={Elsevier}
}

@book{lehtonen2004practical,
  title={Practical methods for design and analysis of complex surveys},
  author={Lehtonen, Risto and Pahkinen, Erkki},
  year={2004},
  publisher={John Wiley \& Sons}
}

@article{aanes2015efficient,
  title={Efficient statistical estimators and sampling strategies for estimating the age composition of fish},
  author={Aanes, Sondre and V{\o}lstad, Jon Helge},
  journal={Canadian journal of fisheries and aquatic sciences},
  volume={72},
  number={6},
  pages={938--953},
  year={2015},
  publisher={NRC Research Press}
}

@article{puth2015variety,
  title={On the variety of methods for calculating confidence intervals by bootstrapping},
  author={Puth, Marie-Therese and Neuh{\"a}user, Markus and Ruxton, Graeme D},
  journal={Journal of Animal Ecology},
  volume={84},
  number={4},
  pages={892--897},
  year={2015},
  publisher={Wiley Online Library}
}

@article{briggs1999constructing,
  title={Constructing confidence intervals for cost-effectiveness ratios: an evaluation of parametric and non-parametric techniques using Monte Carlo simulation},
  author={Briggs, Andrew H and Mooney, Christopher Z and Wonderling, David E},
  journal={Statistics in medicine},
  volume={18},
  number={23},
  pages={3245--3262},
  year={1999},
  publisher={Wiley Online Library}
}


@article{nottestad2015quantifying,
  title={Quantifying changes in abundance, biomass, and spatial distribution of Northeast Atlantic mackerel (Scomber scombrus) in the Nordic seas from 2007 to 2014},
  author={N{o}ttestad, Leif and Utne, Kjell R and {'O}skarsson, Gu{dh}mundur J and J{'o}nsson, Sigurdur {TH} and Jacobsen, Jan Arge and Tangen, {O}yvind and Anthonypillai, Valantine and Aanes, Sondre and V{\o}lstad, Jon Helge and Bernasconi, Matteo and others},
  journal={ICES Journal of Marine Science},
  volume={73},
  number={2},
  pages={359--373},
  year={2015},
  publisher={Oxford University Press}
}

@book{fuller2011sampling,
  title={Sampling statistics},
  author={Fuller, Wayne A},
  volume={560},
  year={2011},
  publisher={John Wiley \& Sons}
}

@article{carpenter2000bootstrap,
  title={Bootstrap confidence intervals: when, which, what? A practical guide for medical statisticians},
  author={Carpenter, James and Bithell, John},
  journal={Statistics in medicine},
  volume={19},
  number={9},
  pages={1141--1164},
  year={2000},
  publisher={Wiley Online Library}
}


@article{fridriksson1934calculation,
  title={On the calculation of age-distribution within a stock of cod by means of relatively few age-determinations as a key to measurements on a large scale},
  author={Fridriksson, Arni},
  journal={Rapports Et Proces-Verbaux Des Reunions, Conseil International Pour l’Exploration De La Mer},
  volume={86},
  pages={1--5},
  year={1934}
}


@article{westrheim1978bias,
  title={Bias in using an age--length key to estimate age-frequency distributions},
  author={Westrheim, SJ and Ricker, WE},
  journal={Journal of the Fisheries Board of Canada},
  volume={35},
  number={2},
  pages={184--189},
  year={1978},
  publisher={NRC Research Press}
}


@article{kimura1977statistical,
  title={Statistical assessment of the age--length key},
  author={Kimura, Daniel K},
  journal={Journal of the Fisheries Board of Canada},
  volume={34},
  number={3},
  pages={317--324},
  year={1977},
  publisher={NRC Research Press}
}
@book{zuur2009mixed,
  title={Mixed effects models and extensions in ecology with 		{R}},
  author={Zuur, Alain F},
  year={2009},
  publisher={Springer}
}


@article{lindgren2011explicit,
  title={An explicit link between {G}aussian fields and {G}aussian {M}arkov random fields: the stochastic partial differential equation approach},
  author={Lindgren, Finn and Rue, H{\aa}vard and Lindstr{\"o}m, Johan},
  journal={{Journal of the Royal Statistical Society: Series B (Statistical Methodology)}},
  volume={73},
  number={4},
  pages={423--498},
  year={2011},
  publisher={Wiley Online Library}
}

@article{rue2009approximate,
  title={Approximate {B}ayesian inference for latent {G}aussian models by using integrated nested {L}aplace approximations},
  author={Rue, H{\aa}vard and Martino, Sara and Chopin, Nicolas},
  journal={{Journal of the Royal Statistical Society: Series B (Statistical Methodology)}},
  volume={71},
  number={2},
  pages={319--392},
  year={2009},
  publisher={Wiley Online Library},
  doi={10.1111/j.1467-9868.2008.00700.x}
}

@article{hu2013multivariate,
  title={Multivariate {G}aussian random fields using systems of stochastic partial differential equations},
  author={Hu, Xiangping and Lindgren, Daniel Simpson and Rue, H{\aa}vard and others},
  journal={arXiv preprint arXiv:1307.1379},
  year={2013}
}

@article{whittle1954stationary,
  title={On stationary processes in the plane},
  author={Whittle, Peter},
  journal={Biometrika},
  pages={434--449},
  year={1954},
  publisher={JSTOR}
}

@article{cameletti2013spatio,
  title={Spatio-temporal modeling of particulate matter concentration through the {SPDE} approach},
  author={Cameletti, Michela and Lindgren, Finn and Simpson, Daniel and Rue, H{\aa}vard},
  journal={AStA Advances in Statistical Analysis},
  pages={109--131},
  volume={97},
  number={2},
  year={2013},
  publisher={Springer},
  doi={10.1007/s10182-012-0196-3}
}

@article{loeng1991features,
  title={Features of the physical oceanographic conditions of the {B}arents {S}ea},
  author={Loeng, Harald},
  journal={Polar research},
  volume={10},
  number={1},
  pages={5--18},
  year={1991},
  publisher={Wiley Online Library}
}


@report{sortingGrid,
  title={REPORT OF THE {A}RCTIC {F}ISHERIES {W}ORKING GROUP, {C}openhagen, 24 {A}ugust - 2 {S}eptember 1993},
  author={ICES},
  year={1994},
  url={http://hdl.handle.net/11250/102172}
}

@article{aldrin2012improving,
  title={Improving management decisions by predicting fish bycatch in the {B}arents {S}ea shrimp fishery},
  author={Aldrin, Magne and Mortensen, Bj{\o}rnar and Storvik, Geir and Nedreaas, Kjell and Aglen, Asgeir and Aanes, Sondre},
  journal={ICES Journal of Marine Science: Journal du Conseil},
  volume={69},
  number={1},
  pages={64--74},
  year={2012},
  publisher={Oxford University Press}
}

@article{eriksen2009evaluation,
  title={An evaluation of 0-group abundance indices of {B}arents {S}ea fish stocks},
  author={Eriksen, Elena and Prozorkevich, Dmitry and Dings{\o}r, Gjert Endre},
  year={2009},
  publisher={Bentham Science},
  journal={The Open Fish Science Journal}
}


@book{bookBarentsSea,
  title={The {B}arents {S}ea-ecosystem, resources, management. {H}alf a century of {R}ussian-{N}orwegian cooperation},
  author={Jakobsen, Tore and Ozhigin, Vladimir K},
  page = {173},
  year={2011},
  publisher={Tapir Akademisk Forlag}
}

@article{martins2013bayesian,
  title={Bayesian computing with {INLA}: {N}ew features},
  author={Martins, Thiago G and Simpson, Daniel and Lindgren, Finn and Rue, H{\aa}vard},
  journal={Computational Statistics \& Data Analysis},
  volume={67},
  pages={68--83},
  year={2013},
    publisher={Elsevier},
    doi={10.1016/j.csda.2013.04.014}
}

@book{cressie2011statistics,
  title={Statistics for spatio-temporal data},
  author={Cressie, Noel and Wikle, Christopher K},
  year={2011},
  publisher={John Wiley \& Sons}
}
@article{jorgensen1992long,
  title={Long-term changes in growth of {N}orth-east {A}rctic cod ({G}adus morhua) and some environmental influences},
  author={J{\o}rgensen, Terje},
  journal={ICES Journal of Marine Science: Journal du Conseil},
  volume={49},
  number={3},
  pages={263--278},
  year={1992},
  publisher={Oxford University Press}
}

@article{plummer2008penalized,
  title={Penalized loss functions for {B}ayesian model comparison},
  author={Plummer, Martyn},
  journal={Biostatistics},
  volume={9},
  number={3},
  pages={523--539},
  year={2008},
  publisher={Biometrika Trust}
}

@article{cosandey2014applying,
  title={Applying {B}ayesian spatiotemporal models to fisheries bycatch in the {C}anadian {A}rctic},
  author={Cosandey-Godin, Aurelie and Krainski, Elias Teixeira and Worm, Boris and Flemming, Joanna Mills},
  journal={Canadian Journal of Fisheries and Aquatic Sciences},
  volume={72},
  number={2},
  pages={186--197},
  year={2014},
  doi = {10.1139/cjfas-2014-0159},
  publisher={NRC Research Press}
}

@article{port2004extended,
  title={EXTENDED SURVEY REPORT FROM THE JOINT {N}ORWEGIAN/{R}USSIAN ECOSYSTEM SURVEY IN THE {B}ARENTS {S}EA {A}UGUST-{O}CTOBER 2004},
  author={PORT, E},
  year={2005}
}

@inproceedings{veim1994bycatch,
  title={Bycatch of juvenile fish in the shrimp fishery-management based on bioeconomic criteria},
  author={Veim, Anne Kjos and Sunnan{\aa}, Knut and Sandberg, Per and Gullestad, Peter},
  year={1994},
  organization={ICES}
}

@article{ye2002bias,
  title={Bias in estimating bycatch-to-shrimp ratios},
  author={Ye, Yimin},
  journal={Aquatic Living Resources},
  volume={15},
  number={03},
  pages={149--154},
  year={2002},
  publisher={Cambridge Univ Press},
  doi={10.1016/S0990-7440(02)01171-3}
}
@article{spiegelhalter2002bayesian,
  title={Bayesian measures of model complexity and fit},
  author={Spiegelhalter, David J and Best, Nicola G and Carlin, Bradley P and Van Der Linde, Angelika},
  journal={Journal of the Royal Statistical Society: Series B (Statistical Methodology)},
  volume={64},
  number={4},
  pages={583--639},
  year={2002},
  publisher={Wiley Online Library}
}

@book{gilks2005markov,
  title={Markov chain monte carlo},
  author={Gilks, Walter R},
  year={2005},
  publisher={Wiley Online Library}
}

@book{gilks1996,
  title={Introducing markov chain monte carlo},
  author={Gilks, Walter R and Richardson, Sylvia and Spiegelhalter, David J},
  year={1996},
  publisher={Chapman and Hall}
}

@article{ye2000bycatch,
  title={{Bycatch and discards of the Kuwait shrimp fishery}},
  author={Ye, Yimin and Alsaffar, AH and Mohammed, HMA},
  journal={Fisheries Research},
  volume={45},
  number={1},
  pages={9--19},
  year={2000},
  publisher={Elsevier},
  doi={10.1016/S0165-7836(99)00105-8}
}

@book{ratio2012,
  title={Sampling},
  author={Thompson, Steven K},
  year={2012},
  publisher={Wiley}
}
@book{hastie2009elements,
  title={The elements of statistical learning},
  author={Hastie, Trevor and Tibshirani, Robert and Friedman, Jerome and Hastie, T and Friedman, J and Tibshirani, R},
  volume={2},
  number={1},
  year={2009},
  publisher={Springer}
}

@misc{meldingFdir,
  title={Forskrift om utøvelse av fisket i sjøen (in {N}orwegian)},
  author={Fiskeridirektoratet},
  year={2005},
  note = {https://lovdata.no/dokument/SF/forskrift/2004-12-22-1878 (last accessed September 18, 2016)}
}

@online{yr.no,
  author = {Norwegian {M}eteorological {I}nstitute},
  title = {Når er det mørketid hvor?},
  url = {http://www.yr.no/nyheter/1.6321768},
  urldate = {2008-11-24}
}

@book{linearAlgebra,
  title={Linear {A}lgebra and {I}ts {A}pplications, {T}hird {E}dition},
  author={Lay, {D}avid {C}.},
  year={2006},
  publisher={Person}
}
@article{lindgren2013bayesian,
  title={Bayesian spatial and spatiotemporal modelling with r-inla},
  author={Lindgren, Finn and Rue, Havard},
  journal={Journal of Statistical Software},
  year={2013}
}
@article{minasny2005matern,
  title={{The Mat{\'e}rn function as a general model for soil variograms}},
  author={Minasny, Budiman and McBratney, Alex B},
  journal={Geoderma},
  volume={128},
  number={3},
  pages={192--207},
  year={2005},
  publisher={Elsevier}
}

@article{ajiad2008estimating,
  title={Estimating by-catch at age of {N}ortheast {A}rctic cod from the {N}orwegian shrimp fishery in the {B}arents {S}ea 1984-2006},
  author={Ajiad, AM and Aglen, A and Nedreaas, K and Kvamme, C},
  journal={ICES Arctic Fisheries Working Group (AFWG)},
  year={2008}
}


@book{efron1994introduction,
  title={An introduction to the bootstrap},
  author={Efron, Bradley and Tibshirani, Robert J},
  year={1994},
  publisher={CRC press}
}

@Manual{Rcite,
  title        = {R: A Language and Environment for Statistical
                  Computing},
  author       = {{R Core Team}},
  organization = {R Foundation for Statistical Computing},
  address      = {Vienna, Austria},
  year         = 2014,
  url          = {http://www.R-project.org}
}

@book{gelman2003bayesian,
  title={Bayesian Data Analysis},
  author={Gelman, Andrew and Carlin, John B and Stern, Hal S and Rubin, Donald B},
  year={2003},
  edition={2},
  publisher={Chapman and Hall/CRC}
}
@article{davies2009defining,
  title={Defining and estimating global marine fisheries bycatch},
  author={Davies, RWD and Cripps, SJ and Nickson, A and Porter, G},
  journal={Marine Policy},
  volume={33},
  number={4},
  pages={661--672},
  year={2009},
  publisher={Elsevier},
  doi = {10.1016/j.marpol.2009.01.003}
  }
@article{vinther2004updated,
  title={{Updated estimates of harbour porpoise ({P}hocoena phocoena) bycatch in the {D}anish {N}orth {S}ea bottom-set gillnet fishery}},
  author={Vinther, Morten and Larsen, Finn},
  journal={Journal of Cetacean Research and Management},
  volume={6},
  number={1},
  pages={19--24},
  year={2004},
  publisher={International Whaling Commission}
}

@article{amande2010bycatch,
  title={{Bycatch of the European purse seine tuna fishery in the Atlantic Ocean for the 2003--2007 period}},
  author={Amand{\`e}, Monin Justin and Ariz, Javier and Chassot, Emmanuel and De Molina, Alicia Delgado and Gaertner, Daniel and Murua, Hilario and Pianet, Renaud and Ruiz, Jon and Chavance, Pierre},
  journal={Aquatic Living Resources},
  volume={23},
  number={4},
  pages={353--362},
  year={2010},
  publisher={Cambridge Univ Press},
  doi={10.1051/alr/2011003}
}
@inbook{gelfand1996model,
  title={Model determination using sampling-based methods},
  author={Gelfand, Alan E},
  journal={Markov chain Monte Carlo in practice},
  pages={145--161},
  year={1996},
  publisher={London: Chapman and Hall}
}
@article{seber1986review,
  title={A review of estimating animal abundance},
  author={Seber, George AF},
  journal={Biometrics},
  pages={267--292},
  year={1986},
  publisher={JSTOR}
}
@book{scheaffer1996elementary,
  title={{Elementary survey sampling, Fifth Edidtion}},
  author={Scheaffer, Richard and Mendenhall III, William and Ott, R Lyman},
  year={1996},
  publisher={{Duxbury Press}}
}
@article{murray2005total,
  title={{Total bycatch estimate of loggerhead turtles (Caretta caretta) in the 2004 Atlantic sea scallop (Placopecten magellanicus) dredge fishery}},
  author={Murray, KT},
  journal={US Dep Commer, Northeast Fish Sci Cent Ref Doc},
  pages={05--12},
  year={2005},
  url={http://www.nefsc.noaa.gov/nefsc/publications/crd/crd0512/}
}

@online{Abel,
  author = {MultiMedia LLC},
  title = {{The Abel computer cluster}},
  url = {http://www.uio.no/english/services/it/research/hpc/abel/}
}

@article{amande2012precision,
  title={Precision in bycatch estimates: the case of tuna purse-seine fisheries in the Indian Ocean},
  author={Amand{\`e}, Monin J and Chassot, Emmanuel and Chavance, Pierre and Murua, Hilario and de Molina, Alicia Delgado and Bez, Nicolas},
  journal={ICES Journal of Marine Science: Journal du Conseil},
  volume={69},
  number={8},
  pages={1501--1510},
  year={2012},
  publisher={Oxford University Press}
}
@article{hylen1987estimation,
  title={Estimation of cod taken as by-catch in the Norwegian fishery for shrimp north of 69 {N}},
  author={Hylen, Arvid and Jacobsen, J},
  journal={ICES CM},
  year={1987},
  url={http://www.ices.dk/sites/pub/CM%20Doccuments/1987/G/1987_G34.pdf}
}
@article{walmsley2007bycatch,
  title={Bycatch and discarding in the {S}outh {A}frican demersal trawl fishery},
  author={Walmsley, Sarah A and Leslie, Rob W and Sauer, Warwick HH},
  journal={Fisheries Research},
  volume={86},
  number={1},
  pages={15--30},
  year={2007},
  publisher={Elsevier},
  doi={10.1016/j.fishres.2007.03.002}
}

@book{blangiardo2015spatial,
  title={Spatial and Spatio-temporal Bayesian Models with R-INLA},
  author={Blangiardo, Marta and Cameletti, Michela},
  year={2015},
  publisher={John Wiley \& Sons}
}
@article{bycatchManagement,
  title={{Latent Gaussian models to decide on spatial closures for bycatch management in the Barents Sea shrimp fishery}},
  author={Breivik, Olav Nikolai and Storvik, Geir and Nedreaas, Kjell},
  journal={Canadian Journal of Fisheries and Aquatic Sciences},
  volume={73},
  number={8},
  pages={1271-1280},
  year={2016},
  publisher={NRC Research Press},
  doi={10.1139/cjfas-2015-0322}
}
@article{bycatchHistorical,
  title={Latent {G}aussian models to estimate historical bycatch in commercial fishery},
  author={Breivik, Olav Nikolai and Storvik, Geir and Nedreaas, Kjell},
  journal={},
  volume={},
  number={},
  pages={},
  year={2016},
  publisher={}
}

@article{ajiad2008estimating,
  title={Estimating by-catch at age of Northeast arctic cod from the Norwegian shrimp fishery in the Barents Sea 1984-2006},
  author={Ajiad, AM and Aglen, A and Nedreaas, K and Kvamme, C},
  journal={WD2, AFWG},
  year={2008}
}

@misc{ajiadnafo,
  title={{NAFO/ICES} {P}ANDALUS {A}SSESSMENT {G}ROUP {M}EETING},	
  author={Ajiad, A and Aglen, A and Nedreaas, K and Kvamme, C},
  year = {2007},
  url={http://archive.nafo.int/open/sc/2007/scr07-086.pdf}
}
@article{pennino2014bayesian,
  title={Bayesian spatio-temporal discard model in a demersal trawl fishery},
  author={Pennino, M Grazia and Mu{\~n}oz, Facundo and Conesa, David and L{\'o}pez-Qu{\'\i}lez, Antonio and Bellido, Jos{\'e} M},
  journal={Journal of Sea Research},
  volume={90},
  pages={44--53},
  year={2014},
  publisher={Elsevier},
  url={10.1016/j.seares.2014.03.001}
}


@misc{abundanceCod ,
  title={Report of the {A}rctic {F}isheries {W}orking {G}roup  ({AFWG}), 23-29 {A}pril 2015 {H}amburg, {G}ermany.},
  author={ICES},
  year={2015},
  journal={ICES CM 2015/ACOM:05},
  month={April},
  pages={639},
  url={http://www.ices.dk/sites/pub/Publication%20Reports/Expert%20Group%20Report/acom/2015/AFWG/01%20AFWG%20Report%202015.pdf}
}
@article{kaalaas2010,
  title={The 2010 Norwegian red list for species},
  author={K{\aa}l{\aa}s, JA and Viken, {\AA} and Henriksen, S and Skjelseth, S},
  journal={Norwegian Biodiversity Information Centre, Norway},
  year={2010}
}

@article{kaalaas2015,
  title={The 2015 Norwegian red list for species},
  author={K{\aa}l{\aa}s, JA and Viken, {\AA} and Henriksen, S and Skjelseth, S},
  journal={Norwegian Biodiversity Information Centre, Norway},
  year={2015}
}

@article{hall1996bycatches,
  title={On bycatches},
  author={Hall, Martin A},
  journal={Reviews in Fish Biology and Fisheries},
  volume={6},
  number={3},
  pages={319--352},
  year={1996},
  doi = {10.1007/BF00122585},
  publisher={Springer}
}
@article{andrew1995catch,
  title={By-catch of an Australian stow net fishery for school prawns (Metapenaeus macleayi)},
  author={Andrew, NL and Jones, T and Terry, C and Pratt, R},
  journal={Fisheries Research},
  volume={22},
  number={1},
  pages={119--136},
  year={1995},
  publisher={Elsevier}
}
@article{vinther1999bycatches,
  title={Bycatches of {H}arbour {P}orpoises ({P}hocoena phocoena, {L}.) in {D}anish set-net fisheries},
  author={Vinther, Morten},
  journal={Journal of Cetacean Research and Management},
  number={2},
  volume={1},
  pages={123--135},
  year={1999},
  url={http://www.vliz.be/en/imis?refid=78560}
}
@book{silverman1986density,
  title={Density estimation for statistics and data analysis},
  author={Silverman, Bernard W},
  volume={26},
  year={1986},
  publisher={CRC press}
}
@article{little2015real,
  title={Real-time spatial management approaches to reduce bycatch and discards: experiences from {E}urope and the {U}nited {S}tates},
  author={Little, Alyson S and Needle, Coby L and Hilborn, Ray and Holland, Daniel S and Marshall, C Tara},
  journal={Fish and Fisheries},
  volume={16},
  number={4},
  pages={576--602},
  year={2015},
  publisher={Wiley Online Library},
  doi={10.1111/faf.12080}
}
@article{o2010not,
  title={Do not log-transform count data},
  author={O’hara, Robert B and Kotze, D Johan},
  journal={Methods in Ecology and Evolution},
  volume={1},
  number={2},
  pages={118--122},
  year={2010},
  publisher={Wiley Online Library},
  doi={10.1111/j.2041-210X.2010.00021.x}
}
@article{warton2016three,
  title={{Three points to consider when choosing a LM or GLM test for count data}},
  author={Warton, David I and Lyons, Mitchell and Stoklosa, Jakub and Ives, Anthony R},
  journal={Methods in Ecology and Evolution},
  year={2016},
  volume={},
  number={7},
  pages={882-890},
  doi = {10.1111/2041-210X.12552},
  publisher={Wiley Online Library}
}

@article{zuur2016,
  title={{A protocol for conducting and presenting results of regression-type
analyses}},
  author={Zuur, Alain and Ieno, Elena},
  journal={Methods in Ecology and Evolution},
  year={2016},
  publisher={Wiley Online Library},
  volume={7},
  number={6},
  pages={636-645},
  doi = {10.1111/2041-210X.12577}
}

@book{cressie1993statistics,
  title={{Statistics for spatial data}},
  author={Cressie, Noel},
  publisher={Wiley-Interscience New York},
  edition={Revised},
  year={1993}
}
@book{mccullagh1989generalized,
  title={Generalized linear models},
  author={McCullagh, Peter and Nelder, John A},
  volume={37},
  year={1989},
  publisher={CRC press}
}

@article{thorson2016accounting,
  title={Accounting for spatio-temporal variation and fisher targeting when estimating abundance from multispecies fishery data},
  author={Thorson, James T and Fonner, Robert and Haltuch, Melissa A and Ono, Kotaro and Winker, Henning},
  journal={Canadian Journal of Fisheries and Aquatic Sciences},
  number={in press},
  year={2016},
  publisher={NRC Research Press},
  doi={10.1139/cjfas-2015-0598}
}
@article{ward2015using,
  title={Using spatiotemporal species distribution models to identify temporally evolving hotspots of species co-occurrence},
  author={Ward, Eric J and Jannot, Jason E and Lee, Yong-Woo and Ono, Kotaro and Shelton, Andrew O and Thorson, James T},
  journal={Ecological Applications},
  volume={25},
  number={8},
  pages={2198--2209},
  year={2015},
  publisher={Wiley Online Library},
  doi={10.1890/15-0051.1}
}
@article{carruthers2011integrating,
  title={Integrating imputation and standardization of catch rate data in the calculation of relative abundance indices},
  author={Carruthers, Thomas R and Ahrens, Robert NM and McAllister, Murdoch K and Walters, Carl J},
  journal={Fisheries Research},
  volume={109},
  number={1},
  pages={157--167},
  year={2011},
  publisher={Elsevier}
}
@article{cressie2009accounting,
  title={Accounting for uncertainty in ecological analysis: the strengths and limitations of hierarchical statistical modeling},
  author={Cressie, Noel and Calder, Catherine A and Clark, James S and Hoef, Jay M Ver and Wikle, Christopher K},
  journal={Ecological Applications},
  volume={19},
  number={3},
  pages={553--570},
  year={2009},
  publisher={Wiley Online Library}
}
@article{linden2011using,
  title={Using the negative binomial distribution to model overdispersion in ecological count data},
  author={Lind{\'e}n, Andreas and M{\"a}ntyniemi, Samu},
  journal={Ecology},
  volume={92},
  number={7},
  pages={1414--1421},
  year={2011},
  publisher={Wiley Online Library}
}
@article{robins1998impact,
  title={{The impact of global positioning systems and plotters on fishing power in the northern prawn fishery, Australia}},
  author={Robins, Carolyn M and Wang, You-Gan and Die, David},
  journal={Canadian Journal of Fisheries and Aquatic Sciences},
  volume={55},
  number={7},
  pages={1645--1651},
  year={1998},
  publisher={NRC Research Press}
}

@article{stephens2004multispecies,
  title={{A multispecies approach to subsetting logbook data for purposes of estimating CPUE}},
  author={Stephens, Andi and MacCall, Alec},
  journal={Fisheries Research},
  volume={70},
  number={2},
  pages={299--310},
  year={2004},
  publisher={Elsevier}
}

@article{thorson2016implementing,
  title={Implementing a generic method for bias correction in statistical models using random effects, with spatial and population dynamics examples},
  author={Thorson, James T and Kristensen, Kasper},
  journal={Fisheries Research},
  volume={175},
  pages={66--74},
  year={2016},
  publisher={Elsevier}
}
@article{thorson2015geostatistical,
  title={{Geostatistical delta-generalized linear mixed models improve precision for estimated abundance indices for West Coast groundfishes}},
  author={Thorson, James T and Shelton, Andrew O and Ward, Eric J and Skaug, Hans J},
  journal={ICES Journal of Marine Science: Journal du Conseil},
  pages={fsu243},
  year={2015},
  publisher={Oxford University Press}
}
@article{walters2003folly,
  title={Folly and fantasy in the analysis of spatial catch rate data},
  author={Walters, Carl},
  journal={Canadian Journal of Fisheries and Aquatic Sciences},
  volume={60},
  number={12},
  pages={1433--1436},
  year={2003},
  publisher={NRC Research Press}
}
@article{wilberg2009incorporating,
  title={Incorporating time-varying catchability into population dynamic stock assessment models},
  author={Wilberg, Michael J and Thorson, James T and Linton, Brian C and Berkson, Jim},
  journal={Reviews in Fisheries Science},
  volume={18},
  number={1},
  pages={7--24},
  year={2009},
  publisher={Taylor \& Francis}
}


@article{zuur2016protocol,
  title={A protocol for conducting and presenting results of regression-type analyses},
  author={Zuur, Alain F and Ieno, Elena N},
  journal={Methods in Ecology and Evolution},
  volume={7},
  number={6},
  pages={636--645},
  year={2016},
  publisher={Wiley Online Library}
}

@article{berg2014evaluation,
  title={Evaluation of alternative age-based methods for estimating relative abundance from survey data in relation to assessment models},
  author={Berg, Casper W and Nielsen, Anders and Kristensen, Kasper},
  journal={Fisheries Research},
  volume={151},
  pages={91--99},
  year={2014},
  publisher={Elsevier}
}
@article{berg2012spatial,
  title={Spatial age-length key modelling using continuation ratio logits},
  author={Berg, Casper W and Kristensen, Kasper},
  journal={Fisheries Research},
  volume={129},
  pages={119--126},
  year={2012},
  publisher={Elsevier}
}

@article{kristensen2015tmb,
  title={TMB: automatic differentiation and Laplace approximation},
  author={Kristensen, Kasper and Nielsen, Anders and Berg, Casper W and Skaug, Hans and Bell, Brad},
  journal={arXiv preprint arXiv:1509.00660},
  year={2015}
}

@article{kvist2000using,
  title={Using continuation-ratio logits to analyze the variation of the age composition of fish catches},
  author={Kvist, Trine and Gislason, Henrik and Thyregod, Poul},
  journal={Journal of applied statistics},
  volume={27},
  number={3},
  pages={303--319},
  year={2000},
  publisher={Taylor \& Francis}
}

@article{rindorf2001analyses,
  title={Analyses of length and age distributions using continuation-ratio logits},
  author={Rindorf, Anna and Lewy, Peter},
  journal={Canadian Journal of Fisheries and Aquatic Sciences},
  volume={58},
  number={6},
  pages={1141--1152},
  year={2001},
  publisher={NRC Research Press}
}

@article{dyke1952analysis,
  title={Analysis of factorial arrangements when the data are proportions},
  author={Dyke, GV and Patterson, HD},
  journal={Biometrics},
  volume={8},
  number={1},
  pages={1--12},
  year={1952},
  publisher={JSTOR}
}

@book{agresti2003categorical,
  title={Categorical data analysis},
  author={Agresti, Alan},
  volume={482},
  year={2003},
  publisher={John Wiley \& Sons}
}

@article{gerritsen2006simple,
  title={A simple method for comparing age--length keys reveals significant regional differences within a single stock of haddock (Melanogrammus aeglefinus)},
  author={Gerritsen, Hans D and McGrath, David and Lordan, Colm},
  journal={ICES Journal of Marine Science},
  volume={63},
  number={6},
  pages={1096--1100},
  year={2006},
  publisher={Oxford University Press}
}

@article{haukoos2005advanced,
  title={Advanced statistics: bootstrapping confidence intervals for statistics with “difficult” distributions},
  author={Haukoos, Jason S and Lewis, Roger J},
  journal={Academic emergency medicine},
  volume={12},
  number={4},
  pages={360--365},
  year={2005},
  publisher={Wiley Online Library}
}

@article{ren2010nonparametric,
  title={Nonparametric bootstrapping for hierarchical data},
  author={Ren, Shiquan and Lai, Hong and Tong, Wenjing and Aminzadeh, Mostafa and Hou, Xuezhang and Lai, Shenghan},
  journal={Journal of Applied Statistics},
  volume={37},
  number={9},
  pages={1487--1498},
  year={2010},
  publisher={Taylor \& Francis}
}

@inproceedings{wieland2009estimating,
  title={Estimating abundance and biomass of North Sea cod based on surveys with commercial fishing vessels},
  author={Wieland, Kai and Pedersen, Eva Maria and Olesen, Hans Jakob and Berg, Casper and Beyer, Jan},
  booktitle={ICES Council Meeting 2009},
  pages={1--28},
  year={2009},
  organization={International Council for the Exploration of the Sea}
}

@article{bahadur1956nonexistence,
  title={The nonexistence of certain statistical procedures in nonparametric problems},
  author={Bahadur, Raghu R and Savage, Leonard J},
  journal={The Annals of Mathematical Statistics},
  volume={27},
  number={4},
  pages={1115--1122},
  year={1956},
  publisher={JSTOR}
}

@article{ICES2006,
  title={Report of the Workshop on Implementation in DATRAS of Confidence Limits Estimation of Abundance Indices From Bottom Trawl Survey Data. ICES DATRAS Report},
  author={ICES},
  journal={International Council for the Exploration of the Sea},
  volume={DRAFT},
  year={2006},
  publisher={ICES}
}

@article{ICES2012,
  title={Manual for the International Bottom Trawl Surveys, Revision VIII. Series of ICES Survey Protocols},
  author={ICES},
  journal={International Council for the Exploration of the Sea},
  volume={SISP 1-IBTS VIII},
  year={2012},
  publisher={ICES}
}

@article{ICES2015,
  title={Manual for the International Bottom Trawl Surveys, Revision IX. Series of ICES Survey Protocols},
  author={ICES},
  journal={International Council for the Exploration of the Sea},
  volume={SISP 10-IBTS IX},
  year={2015},
  publisher={ICES}
}

@article{ICES2018,
  title={Manual for the International Bottom Trawl Surveys, Revision X. Series of ICES Survey Protocols},
  author={ICES},
  journal={International Council for the Exploration of the Sea},
  volume={SISP X-IBTS X},
  year={2018},
  publisher={ICES}
}

@article{ICES2013,
  title={NS-IBTS Indices Calculation Procedure. DATRAS Procedure Document},
  author={ICES},
  journal={International Council for the Exploration of the Sea},
  volume={1.1 NS-IBST indices-2013},
  year={2013},
  publisher={ICES}
}


@article{kolenikov2010resampling,
  title={Resampling variance estimation for complex survey data},
  author={Kolenikov, Stanislav and others},
  journal={Stata Journal},
  volume={10},
  number={2},
  pages={165--199},
  year={2010},
  publisher={StataCorp LP}
}

@article{cervino2006using,
  title={Using the bootstrap to investigate the effects of varying tow lengths and catch sampling schemes in fish survey},
  author={Cervi{\~n}o, Santiago and Saborido-Rey, Fran},
  journal={Fisheries research},
  volume={79},
  number={3},
  pages={294--302},
  year={2006},
  publisher={Elsevier}
}

@book{wood2017generalized,
  title={Generalized additive models: an introduction with R},
  author={Wood, Simon N},
  year={2017},
  publisher={CRC press}
}

@article{wood2015package,
  title={Package ‘mgcv’},
  author={Wood, Simon},
  journal={R package version},
  pages={1--7},
  year={2015}
}

@article{hirst2012bayesian,
  title={A Bayesian modelling framework for the estimation of catch-at-age of commercially harvested fish species},
  author={Hirst, David and Storvik, Geir and Rognebakke, Hanne and Aldrin, Magne and Aanes, Sondre and V{\o}lstad, Jon Helge},
  journal={Canadian journal of fisheries and aquatic sciences},
  volume={69},
  number={12},
  pages={2064--2076},
  year={2012},
  publisher={NRC Research Press}
}


@online{datras,
  author = {ICES, DATRAS},
  title = {DATRAS},
  year = 2018,
  url = {https://datras.ices.dk/Data_products/Download/Download_Data_public.aspx},
  urldate = {2018-06-22}
}


@article{ICESFishMaps,
  title={ICES FishMap: Atlas of the North Sea fish, including fact sheets of key species and distribution maps},
  author={ICES},
  journal={International Council for the Exploration of the Sea (ICES FishMap website, 2018},
  volume={1},
  year={2018},
  publisher={ICES}
}

@article{ICESJune2016,
  title={ICES Advice on fishing opportunities, catch, and effort Greater North Sea and Celtic Seas ecoregions},
  author={ICES},
  journal={International Council for the Exploration of the Sea},
  volume={Book 6},
  year={2016},
  publisher={ICES Advice}
}

@article{ICES2016b,
  title={Report of the Benchmark Workshop on North Sea Stocks (WKNSEA), 14–--18 March, 2016},
  author={ICES},
  journal={International Council for the Exploration of the Sea},
  volume={ICES CM 2016/ACOM:37},
  year={2016},
  publisher={ICES}
}
