@article{walters1981effects,
  title={Effects of measurement errors on the assessment of stock--recruitment relationships},
  author={Walters, Carl J and Ludwig, Donald},
  journal={Canadian Journal of Fisheries and Aquatic Sciences},
  volume={38},
  number={6},
  pages={704--710},
  year={1981},
  publisher={NRC Research Press}
}

@article{ludwig1981measurement,
  title={Measurement errors and uncertainty in parameter estimates for stock and recruitment},
  author={Ludwig, Donald and Walters, Carl J},
  journal={Canadian Journal of Fisheries and Aquatic Sciences},
  volume={38},
  number={6},
  pages={711--720},
  year={1981},
  publisher={NRC Research Press}
}

@article{ehrhardt1997role,
  title={The role of uncertainty in fish stock assessment and management: a case study of the Spanish mackerel, Scomberomorus maculatus, in the US Gulf of Mexico},
  author={Ehrhardt, Nelson M and Legault, Christopher M},
  journal={Fisheries research},
  volume={29},
  number={2},
  pages={145--158},
  year={1997},
  publisher={Elsevier}
}

@book{lehtonen2004practical,
  title={Practical methods for design and analysis of complex surveys},
  author={Lehtonen, Risto and Pahkinen, Erkki},
  year={2004},
  publisher={John Wiley \& Sons}
}

@article{aanes2015efficient,
  title={Efficient statistical estimators and sampling strategies for estimating the age composition of fish},
  author={Aanes, Sondre and V{\o}lstad, Jon Helge},
  journal={Canadian journal of fisheries and aquatic sciences},
  volume={72},
  number={6},
  pages={938--953},
  year={2015},
  publisher={NRC Research Press}
}

@article{nottestad2015quantifying,
  title={Quantifying changes in abundance, biomass, and spatial distribution of Northeast Atlantic mackerel (Scomber scombrus) in the Nordic seas from 2007 to 2014},
  author={N{\o}ttestad, Leif and Utne, Kjell R and {\'O}skarsson, Gu{\dh}mundur J and J{\'o}nsson, Sigurdur {\TH} and Jacobsen, Jan Arge and Tangen, {\O}yvind and Anthonypillai, Valantine and Aanes, Sondre and V{\o}lstad, Jon Helge and Bernasconi, Matteo and others},
  journal={ICES Journal of Marine Science},
  volume={73},
  number={2},
  pages={359--373},
  year={2015},
  publisher={Oxford University Press}
}

@book{fuller2011sampling,
  title={Sampling statistics},
  author={Fuller, Wayne A},
  volume={560},
  year={2011},
  publisher={John Wiley \& Sons}
}

@article{carpenter2000bootstrap,
  title={Bootstrap confidence intervals: when, which, what? A practical guide for medical statisticians},
  author={Carpenter, James and Bithell, John},
  journal={Statistics in medicine},
  volume={19},
  number={9},
  pages={1141--1164},
  year={2000},
  publisher={Wiley Online Library}
}

@article{berg2014evaluation,
  title={Evaluation of alternative age-based methods for estimating relative abundance from survey data in relation to assessment models},
  author={Berg, Casper W and Nielsen, Anders and Kristensen, Kasper},
  journal={Fisheries research},
  volume={151},
  pages={91--99},
  year={2014},
  publisher={Elsevier}
}

@article{fridriksson1934calculation,
  title={On the calculation of age-distribution within a stock of cod by means of relatively few age-determinations as a key to measurements on a large scale},
  author={Fridriksson, Arni},
  journal={Rapports Et Proces-Verbaux Des Reunions, Conseil International Pour lâ€™Exploration De La Mer},
  volume={86},
  pages={1--5},
  year={1934}
}


@article{westrheim1978bias,
  title={Bias in using an age--length key to estimate age-frequency distributions},
  author={Westrheim, SJ and Ricker, WE},
  journal={Journal of the Fisheries Board of Canada},
  volume={35},
  number={2},
  pages={184--189},
  year={1978},
  publisher={NRC Research Press}
}


@article{kimura1977statistical,
  title={Statistical assessment of the age--length key},
  author={Kimura, Daniel K},
  journal={Journal of the Fisheries Board of Canada},
  volume={34},
  number={3},
  pages={317--324},
  year={1977},
  publisher={NRC Research Press}
}